<zs:record>
      <zs:recordPacking>xml</zs:recordPacking>
      <zs:recordData>
        <record xmlns="http://www.loc.gov/MARC21/slim">
          <leader>00502nz a2200133 4500</leader>
          <controlfield tag="001">30002170</controlfield>
          <controlfield tag="003">RISM</controlfield>
          <controlfield tag="005">20121108</controlfield>
          <controlfield tag="008">121108n||az|||||||##########||||||||||||</controlfield>
          <datafield tag="043" ind1=" " ind2=" ">
            <subfield code="c">Finland</subfield>
          </datafield>
          <datafield tag="110" ind1="2" ind2=" ">
            <subfield code="a">Helsingin Kaupunginorkesteri, Nuotisto</subfield>
            <subfield code="c">Helsinki</subfield>
            <subfield code="g">FIN-Hko</subfield>
          </datafield>
          <datafield tag="410" ind1="2" ind2=" ">
            <subfield code="a">Helsinki Philharmonic Orchestra, Music Library</subfield>
          </datafield>
          <datafield tag="622" ind1=" " ind2=" ">
            <subfield code="e">Helsingin Kaupunginorkesteri, Nuotisto, Finlandia-talo, Mannerheimintie 13, 00099
              Helsingin kaupunki, Finland</subfield>
            <subfield code="u">http://www.hel.fi/hki/HKO/fi/Etusivu</subfield>
          </datafield>
          <datafield tag="852" ind1="2" ind2=" ">
            <subfield code="b">60.1736621, 24.9338632</subfield>
          </datafield>
          <idzebra xmlns="http://www.indexdata.dk/zebra/">
            <size>502</size>
            <score>761</score>
            <localnumber>830823</localnumber>
            <filename>sigla/sigla.mrc</filename>
          </idzebra>
        </record>
      </zs:recordData>
      <zs:recordPosition>3</zs:recordPosition>
    </zs:record>