<zs:record>
      <zs:recordPacking>xml</zs:recordPacking>
      <zs:recordData>
        <record xmlns="http://www.loc.gov/MARC21/slim">
          <leader>00498nz a2200133 4500</leader>
          <controlfield tag="001">30002174</controlfield>
          <controlfield tag="003">RISM</controlfield>
          <controlfield tag="005">20121108</controlfield>
          <controlfield tag="008">121108n||az|||||||##########||||||||||||</controlfield>
          <datafield tag="043" ind1=" " ind2=" ">
            <subfield code="c">Finland</subfield>
          </datafield>
          <datafield tag="110" ind1="2" ind2=" ">
            <subfield code="a">Helsingin Yliopiston Kirjasto, Suomen Kansalliskirjasto</subfield>
            <subfield code="c">Helsinki</subfield>
            <subfield code="g">FIN-Hy</subfield>
          </datafield>
          <datafield tag="410" ind1="2" ind2=" ">
            <subfield code="a">Helsinki University Library, National Library of Finnland</subfield>
          </datafield>
          <datafield tag="622" ind1=" " ind2=" ">
            <subfield code="e">Helsingin Yliopiston Kirjasto, Suomen, Kansalliskirjasto, Unioninkatu 36, 00170 Helsinki,
              Finland</subfield>
            <subfield code="u">http://www.lib.helsinki.fi</subfield>
          </datafield>
          <datafield tag="688" ind1="2" ind2=" ">
            <subfield code="a">Series B: Hh</subfield>
          </datafield>
          <idzebra xmlns="http://www.indexdata.dk/zebra/">
            <size>498</size>
            <score>761</score>
            <localnumber>830937</localnumber>
            <filename>sigla/sigla.mrc</filename>
          </idzebra>
        </record>
      </zs:recordData>
      <zs:recordPosition>5</zs:recordPosition>
    </zs:record>